@misc {test,
    title   = "blabla",
    url     = "https://lukasrod.cz/",
    author  = "Lukáš Rod",
    year    = "2018",
    urldate = "2018-03-26"
}